@book{verborgh_using_2013,
	address = {Birmingham Mumbai},
	series = {Community experience distilled},
	title = {Using {OpenRefine}: {The} essential {OpenRefine} guide that takes you from data analysis and error fixing to linking your dataset to the {Web}},
	isbn = {978-1-78328-908-0},
	shorttitle = {Using {OpenRefine}},
	language = {en},
	publisher = {Packt Publishing},
	author = {Verborgh, Ruben and De Wilde, Max},
	year = {2013},
	note = {OCLC: ocn892971028},
	file = {Verborgh and De Wilde - 2013 - Using OpenRefine the essential OpenRefine guide t.pdf:/Users/tmcphill/Zotero/storage/QPSPISA9/Verborgh and De Wilde - 2013 - Using OpenRefine the essential OpenRefine guide t.pdf:application/pdf}
}

@Misc{makepeace18ORclient,
  author = 	 {Paul Makepeace and Felix Lohmeier},
  title = 	 {{OpenRefine} {Python} Client Library},
  howpublished = {\url{https://github.com/opencultureconsulting/openrefine-client}},
  year = 	 2018}

@Misc{OpenRefine,
  key = 	 {OR},
  title = 	 {{OpenRefine}: A free, open source, powerful tool for working with messy data},
  year = 	 2018,
  howpublished = 	 {\url{http://openrefine.org/}}}
